<?xml version="1.0" encoding="UTF-8"?><collection xmlns="http://www.loc.gov/MARC21/slim"><record><leader>00439nam--2200169-i-4500</leader><controlfield tag="001">000049016</controlfield><controlfield tag="002">20161230</controlfield><controlfield tag="005">20161230201047</controlfield><controlfield tag="008">060222s1000------------r-----000-0-eng-d</controlfield><datafield ind1=" " ind2=" " tag="040"><subfield code="a">IFIN-HH</subfield></datafield><datafield ind1=" " ind2=" " tag="080"><subfield code="a">539.183.2</subfield></datafield><datafield ind1="1" ind2=" " tag="110"><subfield code="a">Israel Atomic Energy Commission</subfield></datafield><datafield ind1="1" ind2="0" tag="245"><subfield code="a">Radioisotope catalogue</subfield></datafield><datafield ind1=" " ind2=" " tag="260"><subfield code="a">Rehovoth</subfield><subfield code="b">Israel Atomic Energy Commission</subfield><subfield code="c">1961</subfield></datafield><datafield ind1=" " ind2=" " tag="300"><subfield code="a">38P</subfield></datafield><datafield ind1=" " ind2=" " tag="852"><subfield code="a">16871</subfield><subfield code="c">539.163</subfield></datafield><datafield ind1=" " ind2=" " tag="CAT"><subfield code="a">Sys</subfield><subfield code="c">20120516</subfield><subfield code="h">154243</subfield></datafield></record></collection>